@book{binney:87,
   author = {{binney}, j. and {tremaine}, s.},
    title = "{galactic dynamics}",
 keywords = {astrophysics, celestial mechanics, galactic structure, milky way galaxy, dark matter, galactic evolution, jeans theory, orbital mechanics, potential theory, stellar evolution, stellar systems},
booktitle = {princeton, nj, princeton university press, 1987, 747 p.},
     year = 1987,
   adsurl = {http://adsabs.harvard.edu/abs/1987gady.book.....b},
  adsnote = {provided by the sao/nasa astrophysics data system}
}

@ARTICLE{Castor:75,
   author = {{Castor}, J. and {McCray}, R. and {Weaver}, R.},
    title = "{Interstellar bubbles}",
  journal = {\apjl},
 keywords = {Bubbles, Early Stars, Interstellar Gas, Stellar Winds, Density Distribution, Gas Dynamics, Hydrogen Clouds, Interstellar Matter, Space Density, Stellar Envelopes, Stellar Evolution},
     year = 1975,
    month = sep,
   volume = 200,
    pages = {L107-L110},
      doi = {10.1086/181908},
   adsurl = {http://adsabs.harvard.edu/abs/1975ApJ...200L.107C},
  adsnote = {Provided by the SAO/NASA Astrophysics Data System}
}

@ARTICLE{Dalgarno:72,
   author = {{Dalgarno}, A. and {McCray}, R.~A.},
    title = "{Heating and Ionization of HI Regions}",
  journal = {\araa},
     year = 1972,
   volume = 10,
    pages = {375},
      doi = {10.1146/annurev.aa.10.090172.002111},
   adsurl = {http://adsabs.harvard.edu/abs/1972ARA%26A..10..375D},
  adsnote = {Provided by the SAO/NASA Astrophysics Data System}
}

@book{Heinznote,
   author = {{Heinz}, S.},
    title = "{High Energy Astrophysics}",
 keywords = {astrophysics, high energy, black hole, jets},
booktitle = {UW-madison},
     year = 2009,
   adsurl = {http://www.astro.wisc.edu},
  adsnote = {provided by UW-Madison}
}

@PROCEEDINGS{Kim:13,
    title = "{Hot Interstellar Matter in Elliptical Galaxies}",
booktitle = {Astrophysics and Space Science Library},
     year = 2012,
   series = {Astrophysics and Space Science Library},
   volume = 378,
   editor = {{Kim}, D.-W. and {Pellegrini}, S.},
      doi = {10.1007/978-1-4614-0580-1},
   adsurl = {http://adsabs.harvard.edu/abs/2012ASSL..378.....K},
  adsnote = {Provided by the SAO/NASA Astrophysics Data System}
}

@book{Maoz,
   author = {{Maoz}, S.},
    title = "{Astrophysics in a Nutshell}",
 keywords = {astrophysics},
booktitle = {--},
     year = 2009,
   adsurl = {--},
  adsnote = {provided by --}
}

@ARTICLE{Okuda:97,
   author = {{Okuda}, T. and {Fujita}, M. and {Sakashita}, S.},
    title = "{Two-Dimensional Accretion Disk Models: Inner Accretion Disks of FU Orionis Objects}",
  journal = {\pasj},
 keywords = {ACCRETION DISKS, HYDRODYNAMICS, STARS: INDIVISUAL (FU ORIONIS), STARS: PRE-MAIN-SEQUENCE},
     year = 1997,
    month = dec,
   volume = 49,
    pages = {679-697},
      doi = {10.1093/pasj/49.6.679},
   adsurl = {http://adsabs.harvard.edu/abs/1997PASJ...49..679O},
  adsnote = {Provided by the SAO/NASA Astrophysics Data System}
}

@ARTICLE{Schure:09,
   author = {{Schure}, K.~M. and {Kosenko}, D. and {Kaastra}, J.~S. and {Keppens}, R. and 
	{Vink}, J.},
    title = "{A new radiative cooling curve based on an up-to-date plasma emission code}",
  journal = {\aap},
archivePrefix = "arXiv",
   eprint = {0909.5204},
 primaryClass = "astro-ph.GA",
 keywords = {hydrodynamics, ISM: evolution, radiation mechanisms: thermal},
     year = 2009,
    month = dec,
   volume = 508,
    pages = {751-757},
      doi = {10.1051/0004-6361/200912495},
   adsurl = {http://adsabs.harvard.edu/abs/2009A%26A...508..751S},
  adsnote = {Provided by the SAO/NASA Astrophysics Data System}
}

@article{shakura:73,
   author = {{shakura}, n.~i. and {sunyaev}, r.~a.},
    title = "{black holes in binary systems. observational appearance.}",
  journal = {\aap},
     year = 1973,
   volume = 24,
    pages = {337-355},
   adsurl = {http://adsabs.harvard.edu/abs/1973a%26a....24..337s},
  adsnote = {provided by the sao/nasa astrophysics data system}
}

@ARTICLE{Stone:99,
   author = {{Stone}, J.~M. and {Pringle}, J.~E. and {Begelman}, M.~C.},
    title = "{Hydrodynamical non-radiative accretion flows in two dimensions}",
  journal = {\mnras},
   eprint = {astro-ph/9908185},
 keywords = {ACCRETION, ACCRETION DISCS, BLACK HOLE PHYSICS, HYDRODYNAMICS},
     year = 1999,
    month = dec,
   volume = 310,
    pages = {1002-1016},
      doi = {10.1046/j.1365-8711.1999.03024.x},
   adsurl = {http://adsabs.harvard.edu/abs/1999MNRAS.310.1002S},
  adsnote = {Provided by the SAO/NASA Astrophysics Data System}
}

@article{qmulmath,
   author = {{qmulmath}, r.~a.},
    title = "{dummy}",
  journal = {dummy},
     year = 2000,
   volume = 24,
    pages = {337-355},
   adsurl = {http://adsabs.harvard.edu/abs/1973a%26a....24..337s},
  adsnote = {provided by the sao/nasa astrophysics data system}
}
